@article{Dodis,
author={Y. Dodis  and   R.Ostrovsky and L. Reyzin  and A. Smith},
title={Fuzzy extractors: How to generate strong keys from biometrics and other noisy data},
journal={SIAM Journal of Computing},
volume={38},
number={1}, 
pages= {97--139},
year={2008}
}

@inproceedings{getafix,
  author    = {S. {La Torre} and
               P. Madhusudan and
               G. Parlato},
  title     = {Analyzing recursive programs using a fixed-point calculus},
  booktitle = {PLDI},
  year      = {2009},
  pages     = {211-222},
 
}


@misc{Plas13,
author= {Z. Meng and G. Smith},
title={Faster Two-Bit Pattern Analysis of Leakage},
note={Proc. QASA 2013: 2nd International Workshop on Quantitative Aspects of Security Assurance, Royal Holloway, University of London, 2013}, 
 }


@inproceedings{rch:mu:fsttcs2012,
  author    = {R. Chadha and
               M. Ummels},
  title     = {The Complexity of Quantitative Information Flow in Recursive
               Programs},
  booktitle = {FSTTCS},
  year      = {2012},
  pages     = {534-545},
 
}



    @inproceedings{jMoped,
        author = {D. Suwimonteerabuth and F. Berger and S. Schwoon and J. Esparza},
        booktitle = {Proceedings of CAV 2007},
        editor = {Werner Damm and Holger Hermanns},
        month = {July},
        note = {Tool paper},
        pages = {164--167},
        publisher = {Springer},
        series = {Lecture Notes in Computer Science},
        title = {{jMoped}: A Test Environment for {Java} programs},
        volume = {4590},
        year = {2007}
    } 


@article{Hesse,
  author    = {W. Hesse and
               E. Allender and
               D. A. Mix Barrington},
  title     = {Uniform constant-depth threshold circuits for division and
               iterated multiplication},
  journal   = {Journal of Computing Systems and Sciences},
  volume    = {65},
  number    = {4},
  year      = {2002},
  pages     = {695-716},
  ee        = {http://dx.doi.org/10.1016/S0022-0000(02)00025-9},
  bibsource = {DBLP, http://dblp.uni-trier.de}
}

@inproceedings{legay,
  author    = {F. Biondi and
               A. Legay and
               L.Traonouez and
               A. Wasowski},
  title     = {QUAIL: A Quantitative Security Analyzer for Imperative Code},
  booktitle = {Computer Aided Verification},
  year      = {2013},
  pages     = {702-707},
  }






@inproceedings{kawa,
  author    = {T. Chothia and
               Y. Kawamoto and
               C. Novakovic and
               D. Parker},
  title     = {Probabilistic Point-to-Point Information Leakage},
  booktitle = {Computer Security Foundations Symposium},
  year      = {2013},
  pages     = {193-205},

}





@article{ lee,
author={Lee, C. Y},
year={1959}, 
title={Representation of Switching Circuits by Binary-Decision Programs},
journal={ Bell System Technical Journal}, 
volume={38},
pages= {985--999},
}

@article{akers,
 author = {Akers, S. B.},
 title = {Binary Decision Diagrams},
 journal = {IEEE Trans. Comput.},
 volume = {27},
 number = {6},
 year = {1978},
 pages = {509--516},
} 

@article{ADD,
year={1997},
journal={Formal Methods in System Design},
volume={10},
number={2-3},
title={Spectral Transforms for Large Boolean Functions with Applications to Technology Mapping},
author={Clarke, E.M. and Mcmillan, K.L. and Zhao, X. and Fujita, M. and Yang, J.},
pages={137--148},
}






    @inproceedings{moped,
        author = {J. Esparza and S. Kiefer and S. Schwoon},
        booktitle = {TACAS},
        pages = {489--503},
        series = {LNCS 3920},
        title = {Abstraction Refinement with {Craig} Interpolation and Symbolic Pushdown Systems},
        year = {2006}
    } 
    
    @Book{Marta-book,
  author = 	 {J.~M.~Rutten and M.~Kwiatkowska and G.~Norman and D.~Parker},
  title = 	 {Mathematical Techniques for Analyzing Concurrent and
                  Probabilistic Systems},
  publisher = 	 {AMS},
  year = 	 {2004},
}


@inproceedings{Karatsuba,
author={A. Karatsuba and Y. Ofman},
title={Multiplication of Many-Digital Numbers by Automatic Computers},
booktitle={Proceedings of the USSR Academy of Sciences},
series={145},
pages= {293--294},
year={1962},
}

@article{Boneh,
  author    = {D. Brumley and
               D. Boneh},
  title     = {Remote timing attacks are practical},
  journal   = {Computer Networks},
  volume    = {48},
  number    = {5},
  year      = {2005},
  pages     = {701--716},
  }

@article{ABKM09,
  author = {E. Allender and Peter B{\"u}rgisser and Johan Kjeldgaard-Pedersen and Peter Bro Miltersen},
	journal = {SIAM Journal on Computing},
	number = {5},
	pages = {1987--2006},
	title = {On the Complexity of Numerical Analysis},
	volume = {38},
	year = {2009}
}

@article{CKS81,
	author = {Ashok K. Chandra and Dexter Kozen and Larry J. Stockmeyer},
	journal = {Journal of the ACM},
	number = {1},
	pages = {114--133},
	title = {Alternation},
	volume = {28},
	year = {1981},
}

@inproceedings{FS01,
  author = {C. Flanagan and J. B. Saxe},
  title = {Avoiding exponential explosion: Generating compact verification conditions},
  booktitle = {POPL~'01},
  pages = {193--205},
  year = {2001},
}

@inproceedings{GougenMeseguer,
  author    = {J. A. Goguen and
               J. Meseguer},
  title     = {Security Policies and Security Models},
  booktitle = {IEEE Symposium on Security and Privacy},
  year      = {1982},
  pages     = {11--20},
}

@inproceedings{Reynolds,
  author    = {J. C. Reynolds},
  title     = {Syntactic Control of Interference},
  booktitle = {POPL~'78},
  year      = {1978},
  pages     = {39--46},
}
@inproceedings{POST,
author={R. Chadha and D. Kini and M. Viswanathan},
title ={Quantitative information flow in Boolean programs},
year = {2014},
booktitle = {Principles of Security and Trust},
  pages     = {103-119}
}


@book{Denning,
  author    = {D. E. R. Denning},
  publisher = {Addison-Wesley},
  title     = {Cryptography and Data Security},
  year      = {1982},
}

@inproceedings{Gray,
  author    = {J. W. {Gray III}},
  title     = {Toward a Mathematical Foundation for Information Flow Security},
  booktitle = {IEEE Symposium on Security and Privacy},
  year      = {1991},
  pages     = {21--35},
 }
 
 @inproceedings{Millen,
  author    = {J. K. Millen},
  title     = {Covert Channel Capacity},
  booktitle = {IEEE Symposium on Security and Privacy},
  year      = {1987},
  pages     = {60--66},
}

@inproceedings{prism,
  author    = {A. Hinton and
               M. Z. Kwiatkowska and
               G. Norman and
               D. Parker},
  title     = {PRISM: A Tool for Automatic Verification of Probabilistic
               Systems.},
  booktitle = {TACAS},
  year      = {2006},
  pages     = {441-444},
  
}


@inproceedings{Plas11,
author={Z. Meng and G. Smith},
title={Calculating Bounds on Information Leakage Using Two-Bit Patterns},
  booktitle = {PLAS~'11},
 year ={2011},}
@inproceedings{Smith,
  author    = {G. Smith},
  title     = {On the Foundations of Quantitative Information Flow},
  booktitle = {FOSSACS~'09},
  year      = {2009},
  pages     = {288--302},
}

@article{Shannon,
  author    = {C. Shannon},
  title     = {A mathematical theory of communication},
  journal   = {The Bell System Technical Journal},
  volume    = {27},
  pages     = {379--423 and 623--656},
  year      = {1948},
}


@inproceedings{Jp1,
  author    = {H. Yasuoka and
               T. Terauchi},
  title     = {Quantitative Information Flow - Verification Hardness and
               Possibilities},
  booktitle = {CSF~'10},
  year      = {2010},
  pages     = {15--27},
}

@inproceedings{Jp2,
  author    = {H. Yasuoka and
               T. Terauchi},
  title     = {On Bounding Problems of Quantitative Information Flow},
  booktitle = {ESORICS~'10},
  year      = {2010},
  pages     = {357--372},  
}


@inproceedings{Malacria07,
  author    = {J. Heusser and
               P. Malacaria},
  title     = {Quantifying information leaks in software},
  booktitle = {ACSAC},
  year      = {2010},
  pages     = {261-269},
 
}


@article{_mtc_2008,
  author    = {D. Beyer and
               T. A. Henzinger and
               R. Jhala and
               R. Majumdar},
  title     = {The software model checker Blast},
  journal   = {STTT},
  volume    = {9},
  number    = {5-6},
  year      = {2007},
  pages     = {505-525},
 }

[University of Trier] 


@inproceedings{Jp3,
  author    = {H. Yasuoka and
               T. Terauchi},
  title     = {Quantitative Information Flow as Safety and Liveness Hyperproperties},
  booktitle = {QAPL~2012},
  _series    = {Electronic Proceedings in Theoretical Computer Science},
  _volume    = {85},
  pages     = {77--91},
  year      = {2012},
}

@article{Tamara,
  author    = {Gilles Barthe and Tamara Rezk and Martijn Warnier},
  title     = {Preventing Timing Leaks Through Transactional Branching
Instructions},
  journal   = {Electronic Notes in Theoretical Computer Science (Proc. QAPL~'06)},
  volume    = {153},
  number    = {2},
  year      = {2006},
  pages     = {33--55}, 
}

@inproceedings{Krish,
  author    = {P. \v{C}ern{\'y} and
               K. Chatterjee and
               T. A. Henzinger},
  title     = {The Complexity of Quantitative Information Flow Problems},
  booktitle = {CSF~'11},
  year      = {2011},
  pages     = {205--217},
}
  
@article{clark94,
  author    = {Da. Clark and S. Hunt and P. Malacaria},
  title     = {Quantified Interference for a While Language},
  journal   = {Electronic Notes in Theoretical Computer Science (Proc. QAPL~'04)},
  volume    = {112},
  pages     = {49--166},
  year      = {1984},
}

@inproceedings{BackesKopf,
  author    = {M. Backes and
               B. K{\"o}pf and
               A. Rybalchenko},
  title     = {Automatic Discovery and Quantification of Information Leaks},
  booktitle = {IEEE Symposium on Security and Privacy},
  year      = {2009},
  pages     = {141--153},
 }
 
 @inproceedings{BasinKopf,
  author    = {B. K{\"o}pf and
               D. A. Basin},
  title     = {An information-theoretic model for adaptive side-channel
               attacks},
  booktitle = {ACM Conference on Computer and Communications Security},
  year      = {2007},
  pages     = {286--296},
}

@inproceedings{HorowitzRepsSagiv,
  author    = {Thomas W. Reps and
               Susan Horwitz and
               Shmuel Sagiv},
  title     = {Precise Interprocedural Dataflow Analysis via Graph Reachability},
  booktitle = {POPL~'95},
  year      = {1995},
  pages     = {49-61},
}

@book{muchnick,
 author     = {Steven S. Muchnick},
 title      = {Advanced Compiler Design and Implementation},
 year       = {1997},
 publisher  = {Morgan Kaufmann},
}

@inproceedings{bem97,
  author    = {A. Bouajjani and J. Esparza and O. Maler},
  title     = {Reachability Analysis of Pushdown Automata: Application to Model-Checking},
  booktitle = {CONCUR~'97},
  pages     = {135--150},
  year      = {1997},
}

@article{clark07,
  author    = {D. Clark and
               S. Hunt and
               P. Malacaria},
  title     = {A static analysis for quantifying information flow in a
               simple imperative language},
  journal   = {Journal of Computer Security},
  volume    = {15},
  number    = {3},
  year      = {2007},
  pages     = {321--371},
}

@inproceedings{Kopf,
  author    = {B. K{\"o}pf and
               A. Rybalchenko},
  title     = {Approximation and Randomization for Quantitative Information-Flow Analysis},
  booktitle = {CSF~'10},
  year      = {2010},
  pages     = {3--14},               
}

@inproceedings{Chothia,
  author    = {K. Chatzikokolakis and
               T. Chothia and
               A. Guha},
  title     = {Statistical Measurement of Information Leakage},
  booktitle = {TACAS~'10},
  year      = {2010},
  pages     = {390--404},
  }

@article{clark05,
  author    = {D. Clark and
               S. Hunt and
               P. Malacaria},
  title     = {Quantitative Information Flow, Relations and Polymorphic
               Types},
  journal   = {Journal of Logic Computation},
  volume    = {15},
  number    = {2},
  year      = {2005},
  pages     = {181--199},
}

@inproceedings{Kostas07,
  author    = {K. Chatzikokolakis and
               C. Palamidessi and
               P. Panangaden},
  title     = {Probability of Error in Information-Hiding Protocols},
  booktitle = {CSF~'07},
  year      = {2007},
  pages     = {341--354},
}

@article{Kostas08,
  author    = {K. Chatzikokolakis and
               C. Palamidessi and
               P. Panangaden},
  title     = {Anonymity protocols as noisy channels},
  journal   = {Information and Computation},
  volume    = {206},
  number    = {2-4},
  year      = {2008},
  }

@article{Meyden1,
  author    = {Ron van der Meyden and
               Chenyi Zhang},
  title     = {Algorithmic Verification of Noninterference Properties},
  journal   = {Electronic Notes in Theoretical Computer Science},
  volume    = {168},
  year      = {2007},
  pages     = {61-75},
  
}

@article{Java,
  author    = {Daniel Hedin and
               David Sands},
  title     = {Timing Aware Information Flow Security for a {JavaCard}-like
               Bytecode},
  journal   = {Electronic Notes in Theoretical Computer Science},
  volume    = {141},
  number    = {1},
  year      = {2005},
  pages     = {163-182},
}

@inproceedings{Agat,
  author    = {Johan Agat},
  title     = {Transforming Out Timing Leaks},
  booktitle = {POPL~'00},
  year      = {2000},
  pages     = {40-53},
}

@misc{_interproc_2011,
author={G. Lalire and M. Argoud and B. Jeannet},
title={Interproc Analyzer},
note={{http://pop-art.inrialpes.fr/people/bjeannet/bjeannet-forge/interproc/index.html}}
}


@inproceedings{Hankin,
  author    = {Alessandra Di Pierro and
               Chris Hankin and
               Herbert Wiklicky},
  title     = {Quantifying Timing Leaks and Cost Optimisation},
  booktitle = {ICICS~'08},
  year      = {2008},
  pages     = {81-96},
}

@inproceedings{KopfTime,
  author    = {Boris K{\"o}pf and
               Markus D{\"u}rmuth},
  title     = {A Provably Secure and Efficient Countermeasure against Timing
               Attacks},
  booktitle = {CSF~'09},
  year      = {2009},
  pages     = {324-335},
 }

@techreport{tr,
  author      = {R. Chadha and M. Ummels},
  title       = {The Complexity of Quantitative Information Flow in Recursive Programs},
  institution = {ENS Cachan},
  year        = {2012},
  number      = {LSV-12-15},
}

@techreport{And98,
        author = "Henning R. Andersen",
        title = "An Introduction to Binary Decision Diagrams",
        institution = "IT University of Copenhagen",
        month = apr,
        year = 1998,
        note = "Lecture notes"
}

@article{Bry86,
        author = "R. E. Bryant",
        title = "Graph-Based Algorithms for {B}oolean Function Manipulation",
        journal = "{IEEE} Transactions on Computers",
        volume = "C-35",
        number = 8,
        month = aug,
        year = 1986,
        pages = "677--691"
}

@ARTICLE{Chaum88,
    author = {D. Chaum},
    title = {The dining cryptographers problem: Unconditional sender and recipient untraceability},
    journal = {Journal of Cryptology},
    year = {1988},
    volume = {1},
    pages = {65--75}
}

@inproceedings{BR00,
  author    = {Thomas Ball and Sriram K. Rajamani},
  title     = {Bebop: A Symbolic Model Checker for Boolean Programs},
  booktitle = {Proc.\ SPIN},
  year      = {2000},
  pages     = {113-130},
  series    = {LNCS 1885}
}

